:20:STATEMENT123
:25:GB33BUKB20201555555555
:28C:00001/001
:60F:C230930EUR12345,67
:61:2309301001DR500,00NTRFNONREF
:86:Payment for Invoice 1001
:61:2310011002CR1500,00NTRFNONREF
:86:Customer Payment - ABC Company
:61:2310021003DR250,50NTRFNONREF
:86:Office Supplies Purchase
:62F:C231002EUR13095,17
